<collection xmlns="http://www.loc.gov/MARC21/slim"><record><leader>00742nam  2200205   450</leader><controlfield tag="001">964</controlfield><controlfield tag="003">http://montalegre.opacnet.com/OPAC/default.aspx?ContentAreaControl=ShowRegHoldings.ascx&amp;RegNo=16662</controlfield><datafield tag="100" ind1=" " ind2=" "><subfield code="a">19870501d1978    m  y0pora0103    ba</subfield></datafield><datafield tag="101" ind1="1" ind2=" "><subfield code="a">por</subfield><subfield code="c">fre</subfield></datafield><datafield tag="102" ind1=" " ind2=" "><subfield code="a">PT</subfield></datafield><datafield tag="200" ind1="1" ind2=" "><subfield code="a">&lt;A &gt;condição humana</subfield><subfield code="f">André Malraux</subfield><subfield code="g">trad. Jorge de Sena</subfield></datafield><datafield tag="210" ind1=" " ind2=" "><subfield code="a">Lisboa</subfield><subfield code="c">Livros do Brasil</subfield><subfield code="d">[D.L. 1978]</subfield></datafield><datafield tag="215" ind1=" " ind2=" "><subfield code="a">253, [3] p.</subfield><subfield code="d">22 cm</subfield></datafield><datafield tag="225" ind1="2" ind2=" "><subfield code="a">Dois mundos</subfield><subfield code="v">40</subfield></datafield><datafield tag="304" ind1=" " ind2=" "><subfield code="a">Tít. orig.: La condition humaine</subfield></datafield><datafield tag="675" ind1=" " ind2=" "><subfield code="a">840-31 Malraux, André</subfield><subfield code="v">BN</subfield><subfield code="z">por</subfield><subfield code="3">310328</subfield></datafield><datafield tag="700" ind1=" " ind2="1"><subfield code="a">Malraux</subfield><subfield code="b">André</subfield><subfield code="f">1901-1976</subfield><subfield code="3">26505</subfield></datafield><datafield tag="702" ind1=" " ind2="1"><subfield code="a">Sena</subfield><subfield code="b">Jorge de</subfield><subfield code="f">1919-1978</subfield><subfield code="4">730</subfield><subfield code="3">20905</subfield></datafield><datafield tag="801" ind1=" " ind2="0"><subfield code="a">PT</subfield><subfield code="b">Biblioteca Municipal de Montalegre</subfield><subfield code="g">RPC</subfield></datafield><datafield tag="856" ind1=" " ind2=" "><subfield code="u">locateMedia.asp?cod=20060704094115&amp;ext=jpg</subfield><subfield code="z">CAPA</subfield></datafield><datafield tag="909" ind1="&#9;" ind2=" "><subfield code="a">1</subfield></datafield><datafield tag="966" ind1=" " ind2=" "><subfield code="a">0009110</subfield><subfield code="l">BMM</subfield><subfield code="s">SCG 821 MAL con 40</subfield></datafield></record></collection>